<record><leader>00000cas a22000007a 4500</leader><controlfield tag="001">49241376</controlfield><controlfield tag="008">020305d18951uuuvaumr ne      0    0eng d</controlfield><datafield ind1=" " ind2=" " tag="010"><subfield code="a">sn2002061872</subfield></datafield><datafield ind1=" " ind2=" " tag="040"><subfield code="a">NVK</subfield><subfield code="b">eng</subfield><subfield code="c">NVK</subfield><subfield code="d">OCLCF</subfield><subfield code="d">OCLCO</subfield><subfield code="d">EUW</subfield></datafield><datafield ind1="1" ind2=" " tag="029"><subfield code="a">AU@</subfield><subfield code="b">000023414574</subfield></datafield><datafield ind1=" " ind2=" " tag="042"><subfield code="a">msc</subfield></datafield><datafield ind1=" " ind2=" " tag="043"><subfield code="a">n-us-va</subfield></datafield><datafield ind1="0" ind2=" " tag="130"><subfield code="a">Miscellany (Buena Vista, Va.)</subfield></datafield><datafield ind1="0" ind2="0" tag="245"><subfield code="a">Miscellany.</subfield></datafield><datafield ind1=" " ind2=" " tag="260"><subfield code="a">Buena Vista, Va. :</subfield><subfield code="b">Thos. D. Bailie,</subfield><subfield code="c">1895-</subfield></datafield><datafield ind1=" " ind2=" " tag="300"><subfield code="a">v.</subfield></datafield><datafield ind1=" " ind2=" " tag="310"><subfield code="a">Monthly</subfield></datafield><datafield ind1="0" ind2=" " tag="362"><subfield code="a">Vol. 1, no. 1 (Nov. 1895)-</subfield></datafield><datafield ind1=" " ind2=" " tag="500"><subfield code="a">"Monthly journal devoted to home, farm and factory."</subfield></datafield><datafield ind1=" " ind2="0" tag="651"><subfield code="a">Buena Vista (Va.)</subfield><subfield code="v">Newspapers.</subfield></datafield><datafield ind1=" " ind2="7" tag="655"><subfield code="a">Newspapers.</subfield><subfield code="2">fast</subfield><subfield code="0">(OCoLC)fst01423814</subfield></datafield><datafield ind1=" " ind2="7" tag="651"><subfield code="a">Virginia</subfield><subfield code="z">Buena Vista.</subfield><subfield code="2">fast</subfield><subfield code="0">(OCoLC)fst01222280</subfield></datafield><datafield ind1=" " ind2="0" tag="655"><subfield code="a">Electronic journals.</subfield></datafield><datafield ind1=" " ind2=" " tag="752"><subfield code="a">United States</subfield><subfield code="b">Virginia</subfield><subfield code="d">Buena Vista.</subfield></datafield><datafield ind1=" " ind2=" " tag="936"><subfield code="a">Vol. 1, no. 1 (Nov. 1895) LIC</subfield></datafield></record>